%% This BibTeX bibliography file was created using BibDesk.
%% http://bibdesk.sourceforge.net/

%% Created for Joseph Marino at 2017-08-10 17:35:49 -0700 


%% Saved with string encoding Unicode (UTF-8) 



@article{bogacz2017tutorial,
	Author = {Bogacz, Rafal},
	Date-Added = {2017-08-11 00:35:41 +0000},
	Date-Modified = {2017-08-11 00:35:41 +0000},
	Journal = {Journal of Mathematical Psychology},
	Pages = {198--211},
	Publisher = {Elsevier},
	Title = {A tutorial on the free-energy framework for modelling perception and learning},
	Volume = {76},
	Year = {2017}}

@article{friston2005theory,
	Author = {Friston, Karl},
	Date-Added = {2017-04-10 23:02:21 +0000},
	Date-Modified = {2017-04-10 23:02:21 +0000},
	Journal = {Philosophical Transactions of the Royal Society of London B: Biological Sciences},
	Number = {1456},
	Pages = {815--836},
	Publisher = {The Royal Society},
	Title = {A theory of cortical responses},
	Volume = {360},
	Year = {2005}}

@article{lee2003hierarchical,
	Author = {Lee, Tai Sing and Mumford, David},
	Date-Added = {2017-04-10 23:00:14 +0000},
	Date-Modified = {2017-04-10 23:00:14 +0000},
	Journal = {JOSA A},
	Number = {7},
	Pages = {1434--1448},
	Publisher = {Optical Society of America},
	Title = {Hierarchical Bayesian inference in the visual cortex},
	Volume = {20},
	Year = {2003}}

@article{rao1999predictive,
	Author = {Rao, Rajesh PN and Ballard, Dana H},
	Date-Added = {2017-04-10 22:55:08 +0000},
	Date-Modified = {2017-04-10 22:55:08 +0000},
	Journal = {Nature neuroscience},
	Number = {1},
	Pages = {79--87},
	Publisher = {Nature Publishing Group},
	Title = {Predictive coding in the visual cortex: a functional interpretation of some extra-classical receptive-field effects},
	Volume = {2},
	Year = {1999}}

@article{zhao2017towards,
	Author = {Zhao, Shengjia and Song, Jiaming and Ermon, Stefano},
	Date-Added = {2017-04-10 21:21:13 +0000},
	Date-Modified = {2017-04-10 21:21:13 +0000},
	Journal = {arXiv preprint arXiv:1702.08658},
	Title = {Towards Deeper Understanding of Variational Autoencoding Models},
	Year = {2017}}

@article{van2016auto,
	Author = {van den Broeke, Gerben},
	Date-Added = {2017-04-10 21:12:44 +0000},
	Date-Modified = {2017-04-10 21:12:44 +0000},
	Title = {What auto-encoders could learn from brains},
	Year = {2016}}

@article{ioffe2015batch,
	Author = {Ioffe, Sergey and Szegedy, Christian},
	Date-Added = {2017-04-10 19:57:47 +0000},
	Date-Modified = {2017-04-10 19:57:47 +0000},
	Journal = {arXiv preprint arXiv:1502.03167},
	Title = {Batch normalization: Accelerating deep network training by reducing internal covariate shift},
	Year = {2015}}

@article{kingma2016improved,
	Author = {Kingma, Diederik P and Salimans, Tim and Jozefowicz, Rafal and Chen, Xi and Sutskever, Ilya and Welling, Max},
	Date-Added = {2017-04-10 18:29:50 +0000},
	Date-Modified = {2017-04-10 18:29:50 +0000},
	Title = {Improved Variational Inference with Inverse Autoregressive Flow},
	Year = {2016}}

@inproceedings{gregor2016towards,
	Author = {Gregor, Karol and Besse, Frederic and Rezende, Danilo Jimenez and Danihelka, Ivo and Wierstra, Daan},
	Booktitle = {Advances In Neural Information Processing Systems},
	Date-Added = {2017-04-10 18:29:32 +0000},
	Date-Modified = {2017-04-10 18:29:32 +0000},
	Pages = {3549--3557},
	Title = {Towards conceptual compression},
	Year = {2016}}

@article{gregor2015draw,
	Author = {Gregor, Karol and Danihelka, Ivo and Graves, Alex and Rezende, Danilo Jimenez and Wierstra, Daan},
	Date-Added = {2017-04-10 18:29:15 +0000},
	Date-Modified = {2017-04-10 18:29:15 +0000},
	Journal = {arXiv preprint arXiv:1502.04623},
	Title = {DRAW: A recurrent neural network for image generation},
	Year = {2015}}

@article{rezende2015variational,
	Author = {Rezende, Danilo Jimenez and Mohamed, Shakir},
	Date-Added = {2017-04-10 18:28:52 +0000},
	Date-Modified = {2017-04-10 18:28:52 +0000},
	Journal = {arXiv preprint arXiv:1505.05770},
	Title = {Variational inference with normalizing flows},
	Year = {2015}}

@article{rezende2014stochastic,
	Author = {Rezende, Danilo Jimenez and Mohamed, Shakir and Wierstra, Daan},
	Date-Added = {2017-04-10 17:51:52 +0000},
	Date-Modified = {2017-04-10 17:51:52 +0000},
	Journal = {arXiv preprint arXiv:1401.4082},
	Title = {Stochastic backpropagation and approximate inference in deep generative models},
	Year = {2014}}

@article{kingma2013auto,
	Author = {Kingma, Diederik P and Welling, Max},
	Date-Added = {2017-04-10 17:51:18 +0000},
	Date-Modified = {2017-04-10 17:51:18 +0000},
	Journal = {arXiv preprint arXiv:1312.6114},
	Title = {Auto-encoding variational bayes},
	Year = {2013}}

@inproceedings{sonderby2016ladder,
	Author = {S{\o}nderby, Casper Kaae and Raiko, Tapani and Maal{\o}e, Lars and S{\o}nderby, S{\o}ren Kaae and Winther, Ole},
	Booktitle = {Advances in Neural Information Processing Systems},
	Date-Added = {2017-04-10 12:52:53 +0000},
	Date-Modified = {2017-04-10 12:52:53 +0000},
	Pages = {3738--3746},
	Title = {Ladder variational autoencoders},
	Year = {2016}}
