%% This BibTeX bibliography file was created using BibDesk.
%% http://bibdesk.sourceforge.net/

%% Created for Joseph Marino at 2017-09-05 20:20:44 -0700 


%% Saved with string encoding Unicode (UTF-8) 



@article{tishby2000information,
	Author = {Tishby, Naftali and Pereira, Fernando C and Bialek, William},
	Date-Added = {2017-09-06 03:20:43 +0000},
	Date-Modified = {2017-09-06 03:20:43 +0000},
	Journal = {arXiv preprint physics/0004057},
	Title = {The information bottleneck method},
	Year = {2000}}

@article{gregor2016variational,
	Author = {Gregor, Karol and Rezende, Danilo Jimenez and Wierstra, Daan},
	Date-Added = {2017-08-29 15:51:32 +0000},
	Date-Modified = {2017-08-29 15:51:32 +0000},
	Journal = {arXiv preprint arXiv:1611.07507},
	Title = {Variational Intrinsic Control},
	Year = {2016}}

@article{clark2013whatever,
	Author = {Clark, Andy},
	Date-Added = {2017-08-24 06:17:44 +0000},
	Date-Modified = {2017-08-24 06:17:44 +0000},
	Journal = {Behavioral and Brain Sciences},
	Number = {3},
	Pages = {181--204},
	Publisher = {Cambridge University Press},
	Title = {Whatever next? Predictive brains, situated agents, and the future of cognitive science},
	Volume = {36},
	Year = {2013}}

@article{achille2017emergence,
	Author = {Achille, Alessandro and Soatto, Stefano},
	Date-Added = {2017-08-24 06:14:01 +0000},
	Date-Modified = {2017-08-24 06:14:01 +0000},
	Journal = {arXiv preprint arXiv:1706.01350},
	Title = {On the Emergence of Invariance and Disentangling in Deep Representations},
	Year = {2017}}

@article{bengio2013representation,
	Author = {Bengio, Yoshua and Courville, Aaron and Vincent, Pascal},
	Date-Added = {2017-08-23 16:01:04 +0000},
	Date-Modified = {2017-08-23 16:01:04 +0000},
	Journal = {IEEE transactions on pattern analysis and machine intelligence},
	Number = {8},
	Pages = {1798--1828},
	Publisher = {IEEE},
	Title = {Representation learning: A review and new perspectives},
	Volume = {35},
	Year = {2013}}

@inproceedings{mohamed2015variational,
	Author = {Mohamed, Shakir and Rezende, Danilo Jimenez},
	Booktitle = {Advances in neural information processing systems},
	Date-Added = {2017-08-23 06:06:26 +0000},
	Date-Modified = {2017-08-23 06:06:26 +0000},
	Pages = {2125--2133},
	Title = {Variational information maximisation for intrinsically motivated reinforcement learning},
	Year = {2015}}

@inproceedings{barto2004intrinsically,
	Author = {Barto, Andrew G and Singh, Satinder and Chentanez, Nuttapong},
	Booktitle = {Proceedings of the 3rd International Conference on Development and Learning},
	Date-Added = {2017-08-23 06:02:44 +0000},
	Date-Modified = {2017-08-23 06:02:44 +0000},
	Pages = {112--19},
	Title = {Intrinsically motivated learning of hierarchical collections of skills},
	Year = {2004}}

@book{sutton1998reinforcement,
	Author = {Sutton, Richard S and Barto, Andrew G},
	Date-Added = {2017-08-22 18:57:37 +0000},
	Date-Modified = {2017-08-22 18:57:37 +0000},
	Number = {1},
	Publisher = {MIT press Cambridge},
	Title = {Reinforcement learning: An introduction},
	Volume = {1},
	Year = {1998}}

@article{friston2015active,
	Author = {Friston, Karl and Rigoli, Francesco and Ognibene, Dimitri and Mathys, Christoph and Fitzgerald, Thomas and Pezzulo, Giovanni},
	Date-Added = {2017-08-17 20:49:29 +0000},
	Date-Modified = {2017-08-17 20:49:29 +0000},
	Journal = {Cognitive neuroscience},
	Number = {4},
	Pages = {187--214},
	Publisher = {Taylor \& Francis},
	Title = {Active inference and epistemic value},
	Volume = {6},
	Year = {2015}}

@article{friston2013anatomy,
	Author = {Friston, Karl and Schwartenbeck, Philipp and FitzGerald, Thomas and Moutoussis, Michael and Behrens, Timothy and Dolan, Raymond J},
	Date-Added = {2017-08-17 20:46:41 +0000},
	Date-Modified = {2017-08-17 20:46:41 +0000},
	Journal = {Frontiers in human neuroscience},
	Publisher = {Frontiers Media SA},
	Title = {The anatomy of choice: active inference and agency},
	Volume = {7},
	Year = {2013}}

@article{friston2011action,
	Author = {Friston, Karl and Mattout, J{\'e}r{\'e}mie and Kilner, James},
	Date-Added = {2017-08-17 20:45:33 +0000},
	Date-Modified = {2017-08-17 20:45:33 +0000},
	Journal = {Biological cybernetics},
	Number = {1},
	Pages = {137--160},
	Publisher = {Springer},
	Title = {Action understanding and active inference},
	Volume = {104},
	Year = {2011}}

@article{friston2016active_process,
	Author = {Friston, Karl and FitzGerald, Thomas and Rigoli, Francesco and Schwartenbeck, Philipp and Pezzulo, Giovanni},
	Date-Added = {2017-08-17 20:44:12 +0000},
	Date-Modified = {2017-08-17 20:44:22 +0000},
	Journal = {Neural computation},
	Publisher = {MIT Press},
	Title = {Active inference: A process theory},
	Year = {2016}}

@article{friston2016active,
	Author = {Friston, Karl and FitzGerald, Thomas and Rigoli, Francesco and Schwartenbeck, Philipp and Pezzulo, Giovanni and others},
	Date-Added = {2017-08-17 20:43:48 +0000},
	Date-Modified = {2017-08-17 20:43:48 +0000},
	Journal = {Neuroscience \& Biobehavioral Reviews},
	Pages = {862--879},
	Publisher = {Elsevier},
	Title = {Active inference and learning},
	Volume = {68},
	Year = {2016}}

@article{kanai2015cerebral,
	Author = {Kanai, Ryota and Komura, Yutaka and Shipp, Stewart and Friston, Karl},
	Date-Added = {2017-08-16 05:11:38 +0000},
	Date-Modified = {2017-08-16 05:11:38 +0000},
	Journal = {Phil. Trans. R. Soc. B},
	Number = {1668},
	Pages = {20140169},
	Publisher = {The Royal Society},
	Title = {Cerebral hierarchies: predictive processing, precision and the pulvinar},
	Volume = {370},
	Year = {2015}}

@article{feldman2010attention,
	Author = {Feldman, Harriet and Friston, Karl J},
	Date-Added = {2017-08-15 22:47:20 +0000},
	Date-Modified = {2017-08-15 22:47:20 +0000},
	Journal = {Frontiers in human neuroscience},
	Publisher = {Frontiers Media SA},
	Title = {Attention, uncertainty, and free-energy},
	Volume = {4},
	Year = {2010}}

@article{friston2003dynamic,
	Author = {Friston, Karl J and Harrison, Lee and Penny, Will},
	Date-Added = {2017-08-15 22:40:39 +0000},
	Date-Modified = {2017-08-15 22:40:39 +0000},
	Journal = {Neuroimage},
	Number = {4},
	Pages = {1273--1302},
	Publisher = {Elsevier},
	Title = {Dynamic causal modelling},
	Volume = {19},
	Year = {2003}}

@article{friston2002functional,
	Author = {Friston, Karl},
	Date-Added = {2017-08-15 22:40:15 +0000},
	Date-Modified = {2017-08-15 22:40:15 +0000},
	Journal = {Progress in neurobiology},
	Number = {2},
	Pages = {113--143},
	Publisher = {Elsevier},
	Title = {Functional integration and inference in the brain},
	Volume = {68},
	Year = {2002}}

@article{friston2003learning,
	Author = {Friston, Karl},
	Date-Added = {2017-08-15 22:39:29 +0000},
	Date-Modified = {2017-08-15 22:39:29 +0000},
	Journal = {Neural Networks},
	Number = {9},
	Pages = {1325--1352},
	Publisher = {Elsevier},
	Title = {Learning and inference in the brain},
	Volume = {16},
	Year = {2003}}

@book{von1867handbuch,
	Author = {Von Helmholtz, Hermann},
	Date-Added = {2017-08-15 22:07:02 +0000},
	Date-Modified = {2017-08-15 22:07:02 +0000},
	Publisher = {Voss},
	Title = {Handbuch der physiologischen Optik},
	Volume = {9},
	Year = {1867}}

@article{whittington2017approximation,
	Author = {Whittington, James CR and Bogacz, Rafal},
	Date-Added = {2017-08-15 21:33:20 +0000},
	Date-Modified = {2017-08-15 21:33:20 +0000},
	Journal = {Neural computation},
	Publisher = {MIT Press},
	Title = {An approximation of the error backpropagation algorithm in a predictive coding network with local hebbian synaptic plasticity},
	Year = {2017}}

@article{bastos2012canonical,
	Author = {Bastos, Andre M and Usrey, W Martin and Adams, Rick A and Mangun, George R and Fries, Pascal and Friston, Karl J},
	Date-Added = {2017-08-15 21:31:08 +0000},
	Date-Modified = {2017-08-15 21:31:08 +0000},
	Journal = {Neuron},
	Number = {4},
	Pages = {695--711},
	Publisher = {Elsevier},
	Title = {Canonical microcircuits for predictive coding},
	Volume = {76},
	Year = {2012}}

@article{friston2008DEM,
	Author = {Friston, Karl J and Trujillo-Barreto, N and Daunizeau, Jean},
	Date-Added = {2017-08-15 20:49:16 +0000},
	Date-Modified = {2017-08-15 20:49:27 +0000},
	Journal = {Neuroimage},
	Number = {3},
	Pages = {849--885},
	Publisher = {Elsevier},
	Title = {DEM: a variational treatment of dynamic systems},
	Volume = {41},
	Year = {2008}}

@article{friston2008variational,
	Author = {Friston, Karl J},
	Date-Added = {2017-08-15 20:44:14 +0000},
	Date-Modified = {2017-08-15 20:44:14 +0000},
	Journal = {NeuroImage},
	Number = {3},
	Pages = {747--766},
	Publisher = {Elsevier},
	Title = {Variational filtering},
	Volume = {41},
	Year = {2008}}

@article{friston2010generalised,
	Author = {Friston, Karl and Stephan, Klaas and Li, Baojuan and Daunizeau, Jean},
	Date-Added = {2017-08-15 20:28:59 +0000},
	Date-Modified = {2017-08-15 20:28:59 +0000},
	Journal = {Mathematical Problems in Engineering},
	Publisher = {Hindawi Publishing Corporation},
	Title = {Generalised filtering},
	Volume = {2010},
	Year = {2010}}

@article{srivastava2014dropout,
	Author = {Srivastava, Nitish and Hinton, Geoffrey E and Krizhevsky, Alex and Sutskever, Ilya and Salakhutdinov, Ruslan},
	Date-Added = {2017-08-11 00:54:27 +0000},
	Date-Modified = {2017-08-11 00:54:27 +0000},
	Journal = {Journal of machine learning research},
	Number = {1},
	Pages = {1929--1958},
	Title = {Dropout: a simple way to prevent neural networks from overfitting.},
	Volume = {15},
	Year = {2014}}

@article{siddharth2016inducing,
	Author = {Siddharth, N and Paige, Brooks and Desmaison, Alban and de Meent, Van and Wood, Frank and Goodman, Noah D and Kohli, Pushmeet and Torr, Philip HS and others},
	Date-Added = {2017-08-11 00:53:53 +0000},
	Date-Modified = {2017-08-11 00:53:53 +0000},
	Journal = {arXiv preprint arXiv:1611.07492},
	Title = {Inducing Interpretable Representations with Variational Autoencoders},
	Year = {2016}}

@article{higgins2016early,
	Author = {Higgins, Irina and Matthey, Loic and Glorot, Xavier and Pal, Arka and Uria, Benigno and Blundell, Charles and Mohamed, Shakir and Lerchner, Alexander},
	Date-Added = {2017-08-11 00:53:00 +0000},
	Date-Modified = {2017-08-11 00:53:00 +0000},
	Journal = {arXiv preprint arXiv:1606.05579},
	Title = {Early visual concept learning with unsupervised deep learning},
	Year = {2016}}

@article{cheung2014discovering,
	Author = {Cheung, Brian and Livezey, Jesse A and Bansal, Arjun K and Olshausen, Bruno A},
	Date-Added = {2017-08-11 00:51:48 +0000},
	Date-Modified = {2017-08-11 00:51:48 +0000},
	Journal = {arXiv preprint arXiv:1412.6583},
	Title = {Discovering hidden factors of variation in deep networks},
	Year = {2014}}

@article{bogacz2017tutorial,
	Author = {Bogacz, Rafal},
	Date-Added = {2017-08-11 00:45:01 +0000},
	Date-Modified = {2017-08-11 00:45:01 +0000},
	Journal = {Journal of Mathematical Psychology},
	Pages = {198--211},
	Publisher = {Elsevier},
	Title = {A tutorial on the free-energy framework for modelling perception and learning},
	Volume = {76},
	Year = {2017}}

@article{van2016auto,
	Author = {van den Broeke, Gerben},
	Date-Added = {2017-08-11 00:45:01 +0000},
	Date-Modified = {2017-08-11 00:45:01 +0000},
	Title = {What auto-encoders could learn from brains},
	Year = {2016}}

@article{friston2005theory,
	Author = {Friston, Karl},
	Date-Added = {2017-08-11 00:45:01 +0000},
	Date-Modified = {2017-08-11 00:45:01 +0000},
	Journal = {Philosophical Transactions of the Royal Society of London B: Biological Sciences},
	Number = {1456},
	Pages = {815--836},
	Publisher = {The Royal Society},
	Title = {A theory of cortical responses},
	Volume = {360},
	Year = {2005}}

@article{gregor2015draw,
	Author = {Gregor, Karol and Danihelka, Ivo and Graves, Alex and Rezende, Danilo Jimenez and Wierstra, Daan},
	Date-Added = {2017-08-11 00:45:01 +0000},
	Date-Modified = {2017-08-11 00:45:01 +0000},
	Journal = {arXiv preprint arXiv:1502.04623},
	Title = {DRAW: A recurrent neural network for image generation},
	Year = {2015}}

@inproceedings{gregor2016towards,
	Author = {Gregor, Karol and Besse, Frederic and Rezende, Danilo Jimenez and Danihelka, Ivo and Wierstra, Daan},
	Booktitle = {Advances In Neural Information Processing Systems},
	Date-Added = {2017-08-11 00:45:01 +0000},
	Date-Modified = {2017-08-11 00:45:01 +0000},
	Pages = {3549--3557},
	Title = {Towards conceptual compression},
	Year = {2016}}

@article{ioffe2015batch,
	Author = {Ioffe, Sergey and Szegedy, Christian},
	Date-Added = {2017-08-11 00:45:01 +0000},
	Date-Modified = {2017-08-11 00:45:01 +0000},
	Journal = {arXiv preprint arXiv:1502.03167},
	Title = {Batch normalization: Accelerating deep network training by reducing internal covariate shift},
	Year = {2015}}

@article{kingma2013auto,
	Author = {Kingma, Diederik P and Welling, Max},
	Date-Added = {2017-08-11 00:45:01 +0000},
	Date-Modified = {2017-08-11 00:45:01 +0000},
	Journal = {arXiv preprint arXiv:1312.6114},
	Title = {Auto-encoding variational bayes},
	Year = {2013}}

@article{kingma2016improved,
	Author = {Kingma, Diederik P and Salimans, Tim and Jozefowicz, Rafal and Chen, Xi and Sutskever, Ilya and Welling, Max},
	Date-Added = {2017-08-11 00:45:01 +0000},
	Date-Modified = {2017-08-11 00:45:01 +0000},
	Title = {Improved Variational Inference with Inverse Autoregressive Flow},
	Year = {2016}}

@article{lee2003hierarchical,
	Author = {Lee, Tai Sing and Mumford, David},
	Date-Added = {2017-08-11 00:45:01 +0000},
	Date-Modified = {2017-08-11 00:45:01 +0000},
	Journal = {JOSA A},
	Number = {7},
	Pages = {1434--1448},
	Publisher = {Optical Society of America},
	Title = {Hierarchical Bayesian inference in the visual cortex},
	Volume = {20},
	Year = {2003}}

@article{rao1999predictive,
	Author = {Rao, Rajesh PN and Ballard, Dana H},
	Date-Added = {2017-08-11 00:45:01 +0000},
	Date-Modified = {2017-08-11 00:45:01 +0000},
	Journal = {Nature neuroscience},
	Number = {1},
	Pages = {79--87},
	Publisher = {Nature Publishing Group},
	Title = {Predictive coding in the visual cortex: a functional interpretation of some extra-classical receptive-field effects},
	Volume = {2},
	Year = {1999}}

@article{rezende2014stochastic,
	Author = {Rezende, Danilo Jimenez and Mohamed, Shakir and Wierstra, Daan},
	Date-Added = {2017-08-11 00:45:01 +0000},
	Date-Modified = {2017-08-11 00:45:01 +0000},
	Journal = {arXiv preprint arXiv:1401.4082},
	Title = {Stochastic backpropagation and approximate inference in deep generative models},
	Year = {2014}}

@article{rezende2015variational,
	Author = {Rezende, Danilo Jimenez and Mohamed, Shakir},
	Date-Added = {2017-08-11 00:45:01 +0000},
	Date-Modified = {2017-08-11 00:45:01 +0000},
	Journal = {arXiv preprint arXiv:1505.05770},
	Title = {Variational inference with normalizing flows},
	Year = {2015}}

@inproceedings{sonderby2016ladder,
	Author = {S{\o}nderby, Casper Kaae and Raiko, Tapani and Maal{\o}e, Lars and S{\o}nderby, S{\o}ren Kaae and Winther, Ole},
	Booktitle = {Advances in Neural Information Processing Systems},
	Date-Added = {2017-08-11 00:45:01 +0000},
	Date-Modified = {2017-08-11 00:45:01 +0000},
	Pages = {3738--3746},
	Title = {Ladder variational autoencoders},
	Year = {2016}}

@article{zhao2017towards,
	Author = {Zhao, Shengjia and Song, Jiaming and Ermon, Stefano},
	Date-Added = {2017-08-11 00:45:01 +0000},
	Date-Modified = {2017-08-11 00:45:01 +0000},
	Journal = {arXiv preprint arXiv:1702.08658},
	Title = {Towards Deeper Understanding of Variational Autoencoding Models},
	Year = {2017}}
